@article{Boolos1984-BOODEC,
	pages = {373--378},
	journal = {Journal of Philosophical Logic},
	title = {Don't Eliminate Cut},
	publisher = {Springer},
	volume = {13},
	number = {4},
	author = {George Boolos},
	doi = {10.1007/BF00247711},
	year = {1984}
}

@book{simmons2011introduction,
  title={An introduction to category theory},
  author={Simmons, Harold},
  year={2011},
  publisher={Cambridge University Press}
}